[gd_scene load_steps=16 format=2]

[ext_resource path="res://Fonts/Fredoka_One/FredokaOne-Regular.ttf" type="DynamicFontData" id=1]
[ext_resource path="res://Scenes/Menu/Credits.gd" type="Script" id=2]
[ext_resource path="res://Assets/main_menu/Menu Screen.png" type="Texture" id=3]

[sub_resource type="StyleBoxFlat" id=12]
bg_color = Color( 0.6, 0.6, 0.6, 0 )

[sub_resource type="DynamicFont" id=10]
size = 30
outline_color = Color( 0.952941, 0.678431, 0.278431, 1 )
font_data = ExtResource( 1 )

[sub_resource type="DynamicFont" id=11]
size = 30
font_data = ExtResource( 1 )

[sub_resource type="DynamicFont" id=13]
size = 30
font_data = ExtResource( 1 )

[sub_resource type="Animation" id=2]
resource_name = "Credits"
length = 56.0
step = 1.0
tracks/0/type = "value"
tracks/0/path = NodePath("ColorRect/Panel:rect_position")
tracks/0/interp = 1
tracks/0/loop_wrap = true
tracks/0/imported = false
tracks/0/enabled = true
tracks/0/keys = {
"times": PoolRealArray( 0, 56 ),
"transitions": PoolRealArray( 1, 1 ),
"update": 0,
"values": [ Vector2( 0, 675 ), Vector2( 0, -4955 ) ]
}

[sub_resource type="Animation" id=3]
length = 0.001
tracks/0/type = "value"
tracks/0/path = NodePath("ColorRect/Panel:rect_position")
tracks/0/interp = 1
tracks/0/loop_wrap = true
tracks/0/imported = false
tracks/0/enabled = true
tracks/0/keys = {
"times": PoolRealArray( 0 ),
"transitions": PoolRealArray( 1 ),
"update": 0,
"values": [ Vector2( 0, -3953 ) ]
}

[sub_resource type="DynamicFont" id=4]
size = 21
outline_color = Color( 0.713726, 0.333333, 0.333333, 1 )
font_data = ExtResource( 1 )

[sub_resource type="StyleBoxFlat" id=5]
bg_color = Color( 1, 0.72549, 0, 1 )
border_width_left = 6
border_width_top = 6
border_width_right = 6
border_width_bottom = 6
border_color = Color( 0, 0, 0, 1 )
corner_radius_top_left = 14
corner_radius_top_right = 14
corner_radius_bottom_right = 14
corner_radius_bottom_left = 14
shadow_color = Color( 0, 0, 0, 1 )

[sub_resource type="StyleBoxFlat" id=6]
bg_color = Color( 1, 0.72549, 0, 1 )
border_width_left = 6
border_width_top = 6
border_width_right = 6
border_width_bottom = 6
border_color = Color( 0.286275, 0.0392157, 0.0392157, 1 )
corner_radius_top_left = 14
corner_radius_top_right = 14
corner_radius_bottom_right = 14
corner_radius_bottom_left = 14

[sub_resource type="StyleBoxFlat" id=7]
bg_color = Color( 1, 0.72549, 0, 1 )
border_width_left = 6
border_width_top = 6
border_width_right = 6
border_width_bottom = 6
border_color = Color( 0.286275, 0.0392157, 0.0392157, 1 )
corner_radius_top_left = 12
corner_radius_top_right = 12
corner_radius_bottom_right = 12
corner_radius_bottom_left = 12
shadow_color = Color( 0, 0, 0, 1 )

[sub_resource type="StyleBoxFlat" id=8]
bg_color = Color( 1, 0.72549, 0, 1 )
border_width_left = 6
border_width_top = 6
border_width_right = 6
border_width_bottom = 6
border_color = Color( 0.286275, 0.0392157, 0.0392157, 1 )
corner_radius_top_left = 14
corner_radius_top_right = 14
corner_radius_bottom_right = 14
corner_radius_bottom_left = 14

[sub_resource type="DynamicFont" id=9]
size = 35
font_data = ExtResource( 1 )

[node name="CanvasLayer" type="CanvasLayer"]
script = ExtResource( 2 )

[node name="MenuScreen" type="Sprite" parent="."]
modulate = Color( 1, 1, 1, 0.611765 )
position = Vector2( 511.875, 299 )
scale = Vector2( 0.366983, 0.441606 )
texture = ExtResource( 3 )

[node name="ColorRect" type="ColorRect" parent="."]
modulate = Color( 1, 1, 1, 0.815686 )
anchor_left = 0.5
anchor_top = 0.5
anchor_right = 0.5
anchor_bottom = 0.5
margin_left = -467.0
margin_top = -351.0
margin_right = 339.0
margin_bottom = 351.0
rect_pivot_offset = Vector2( -310, 227 )
color = Color( 0, 0, 0, 1 )

[node name="Panel" type="Panel" parent="ColorRect"]
margin_top = -3953.0
margin_right = 800.0
margin_bottom = -3250.0
custom_styles/panel = SubResource( 12 )
__meta__ = {
"_edit_group_": true
}

[node name="Titles" type="Label" parent="ColorRect/Panel"]
margin_right = 800.0
margin_bottom = 2948.0
custom_colors/font_color = Color( 0.952941, 0.678431, 0.278431, 1 )
custom_fonts/font = SubResource( 10 )
text = "BEE GAME

CREDITS






La Fosa Team






Design Team






Quality Assurance Engineer


Images of Elements








































"
align = 1

[node name="Subtitle" type="Label" parent="ColorRect/Panel"]
margin_right = 800.0
margin_bottom = 3482.0
custom_colors/font_color = Color( 0.376471, 0.815686, 1, 1 )
custom_fonts/font = SubResource( 11 )
text = "A Game by \"La Fosa\" team.

Directed by JalaSoft




















By iStockphoto


By Freepik

Hive background elements:






City background elements:







Park background elements:





Urban city background elements:


	


By 123rf


By ICONOS8



By freepng.es



By PNGEGG


By Dreamstime


By Alamy


Music Environment

Track: Ecos de Irlanda


Track: Cronos


Track: In the Memory
"
align = 1

[node name="Label" type="Label" parent="ColorRect/Panel"]
margin_right = 800.0
margin_bottom = 3277.0
custom_fonts/font = SubResource( 13 )
text = "











Gabriel Santiago Concha Saavedra
Ariel Oriana Claros Navarrete
Camila Liz Malaga Lazarte
Alejandro Brandon Serrano Selaya
José Lisandro Vargas Muñoz


Gabriel Santiago Concha Saavedra
Ariel Oriana Claros Navarrete
Camila Liz Malaga Lazarte
Alejandro Brandon Serrano Selaya
José Lisandro Vargas Muñoz


Lucio Buitron






Bee sprite




Flowers
Tree Composition
Shruberry
Foggy atmosphere
Sky
Soil Composition


Building Composition
Sky
Cloud environment
Composition of trees
Light posts
Soil Composition


Sky
Cloud environment
Composition of trees
Soil Composition


Building Composition
Avenue environment
Soil Composition
Sky


Application logo
Sad Bee - On Game Over screen
Game Over screen
Game Won screen
Main Menu screen
Music icon - Cursor hover over
Music icon - Off
Sound icon - Off
Music icon - On
Sound icon - On
Settings icon
Settings icon - Cursor hover over
Sound icon - Cursor hover over
Increase life icon
Message ballon
Traslate icon
Charge image - On Transitions screen


Alert waves icon


Joystic Composition


Close icon - Notifications
Hive icon - Notifications
Increase - On Stress bar
Target sign - On Transitions screen


Pollen circle
Pollen Light


Stress icon - On Stress bar


Pollen Defect - On Pollen Counter






Music by https://www.fiftysounds.com/es/


Music by https://www.fiftysounds.com/es/


Music by https://www.fiftysounds.com/es/


Music by https://www.fiftysounds.com/es/"
align = 1

[node name="AnimationPlayer" type="AnimationPlayer" parent="."]
autoplay = "Credits"
anims/Credits = SubResource( 2 )
anims/RESET = SubResource( 3 )

[node name="Skip" type="Button" parent="."]
anchor_left = 1.0
anchor_top = 0.5
anchor_right = 1.0
anchor_bottom = 0.5
margin_left = -160.0
margin_top = -35.0
margin_right = -15.0
margin_bottom = 23.0
custom_colors/font_color_disabled = Color( 0, 0, 0, 1 )
custom_fonts/font = SubResource( 4 )
custom_styles/hover = SubResource( 5 )
custom_styles/pressed = SubResource( 6 )
custom_styles/focus = SubResource( 7 )
custom_styles/normal = SubResource( 8 )
__meta__ = {
"_edit_group_": true
}

[node name="Label" type="Label" parent="Skip"]
margin_right = 145.0
margin_bottom = 58.0
custom_colors/font_color = Color( 1, 1, 1, 1 )
custom_colors/font_outline_modulate = Color( 0, 0, 0, 1 )
custom_colors/font_color_shadow = Color( 0, 0, 0, 1 )
custom_constants/shadow_offset_x = 1
custom_constants/shadow_as_outline = -1
custom_fonts/font = SubResource( 9 )
text = "Skip"
align = 1
valign = 1

[node name="Timer" type="Timer" parent="."]

[connection signal="button_up" from="Skip" to="." method="_on_Skip_button_up"]
[connection signal="timeout" from="Timer" to="." method="_on_Timer_timeout"]
