[gd_scene load_steps=14 format=2]

[ext_resource path="res://Assets/animations/Bee/Bee Sprite.png" type="Texture" id=1]

[sub_resource type="AtlasTexture" id=28]
flags = 4
atlas = ExtResource( 1 )
region = Rect2( 1830, 0, 915, 820 )

[sub_resource type="AtlasTexture" id=29]
flags = 4
atlas = ExtResource( 1 )
region = Rect2( 2745, 0, 915, 820 )

[sub_resource type="AtlasTexture" id=30]
flags = 4
atlas = ExtResource( 1 )
region = Rect2( 1830, 820, 915, 820 )

[sub_resource type="AtlasTexture" id=31]
flags = 4
atlas = ExtResource( 1 )
region = Rect2( 2745, 820, 915, 820 )

[sub_resource type="SpriteFrames" id=32]
animations = [ {
"frames": [ SubResource( 28 ), SubResource( 29 ), SubResource( 30 ), SubResource( 31 ) ],
"loop": true,
"name": "default",
"speed": 5.0
} ]

[sub_resource type="Animation" id=27]
length = 0.001
tracks/0/type = "value"
tracks/0/path = NodePath("Sprite:frame")
tracks/0/interp = 1
tracks/0/loop_wrap = true
tracks/0/imported = false
tracks/0/enabled = true
tracks/0/keys = {
"times": PoolRealArray(  ),
"transitions": PoolRealArray(  ),
"update": 0,
"values": [  ]
}

[sub_resource type="Animation" id=19]
resource_name = "swim_h"
loop = true
step = 0.0666667
tracks/0/type = "value"
tracks/0/path = NodePath("Sprite:frame")
tracks/0/interp = 1
tracks/0/loop_wrap = true
tracks/0/imported = false
tracks/0/enabled = true
tracks/0/keys = {
"times": PoolRealArray( 0, 0.17, 0.34, 0.51, 0.68, 0.85 ),
"transitions": PoolRealArray( 1, 1, 1, 1, 1, 1 ),
"update": 1,
"values": [ 0, 1, 2, 0, 1, 2 ]
}

[sub_resource type="Animation" id=23]
resource_name = "swim_v"
length = 1.1
loop = true
tracks/0/type = "value"
tracks/0/path = NodePath("Sprite:frame")
tracks/0/interp = 1
tracks/0/loop_wrap = true
tracks/0/imported = false
tracks/0/enabled = true
tracks/0/keys = {
"times": PoolRealArray( 0, 0.1, 0.2, 0.3, 0.4, 0.5, 0.6, 0.7, 0.8, 0.9, 1 ),
"transitions": PoolRealArray( 1, 1, 1, 1, 1, 1, 1, 1, 1, 1, 1 ),
"update": 0,
"values": [ 3, 4, 5, 6, 7, 5, 4, 3, 1, 2, 0 ]
}

[sub_resource type="AnimationNodeAnimation" id=24]
animation = "swim_h"

[sub_resource type="AnimationNodeTransition" id=25]
input_count = 2
input_0/name = "swim-h"
input_0/auto_advance = false
input_1/name = "swim-v"
input_1/auto_advance = false

[sub_resource type="AnimationNodeAnimation" id=26]
animation = "swim_v"

[sub_resource type="AnimationNodeBlendTree" id=22]
graph_offset = Vector2( -273, -170 )
nodes/horizontal/node = SubResource( 24 )
nodes/horizontal/position = Vector2( -58.5971, -77.487 )
nodes/orientation/node = SubResource( 25 )
nodes/orientation/position = Vector2( 240, -20 )
nodes/output/position = Vector2( 660, 20 )
nodes/vertical/node = SubResource( 26 )
nodes/vertical/position = Vector2( -60, 80 )
node_connections = [ "orientation", 0, "horizontal", "orientation", 1, "vertical", "output", 0, "orientation" ]

[node name="Bee" type="KinematicBody2D" groups=["Player"]]
position = Vector2( 516, 300 )
scale = Vector2( 1.5, 1.5 )
z_index = 9

[node name="Sprite" type="AnimatedSprite" parent="."]
scale = Vector2( 0.0896175, 0.0792683 )
frames = SubResource( 32 )
frame = 2
playing = true

[node name="CollisionShape" type="CollisionPolygon2D" parent="."]
visible = false
polygon = PoolVector2Array( 29.3333, 8, 16.6667, 5.33334, -11.3333, 17.3333, -26, 17.3333, -26.6667, 12.6667, -23.3333, 3.33334, -15.3333, -2, -8, -4.66666, 1.33334, -5.33333, 5.33334, -8.66666, 13.3333, -8.66666, 17.3333, -5.33333, 20.6667, -8, 26.6667, -6, 31.3333, -1.33333, 31.3333, 5.33334 )

[node name="AnimationPlayer" type="AnimationPlayer" parent="."]
anims/RESET = SubResource( 27 )
anims/swim_h = SubResource( 19 )
anims/swim_v = SubResource( 23 )

[node name="AnimationTree" type="AnimationTree" parent="."]
tree_root = SubResource( 22 )
anim_player = NodePath("../AnimationPlayer")
parameters/orientation/current = 0
